<record><leader>00000cas a22000007a 4500</leader><controlfield tag="001">16101655</controlfield><controlfield tag="008">870629d18891889txuwr ne      0    0eng d</controlfield><controlfield tag="009">6576</controlfield><datafield ind1=" " ind2=" " tag="010"><subfield code="a">sn 87090398 </subfield></datafield><datafield ind1=" " ind2=" " tag="040"><subfield code="a">PPM</subfield><subfield code="b">eng</subfield><subfield code="c">PPM</subfield></datafield><datafield ind1=" " ind2=" " tag="042"><subfield code="a">msc</subfield></datafield><datafield ind1="0" ind2="0" tag="245"><subfield code="a">Every Sunday</subfield></datafield><datafield ind1=" " ind2=" " tag="260"><subfield code="a">Waco, Tex. :</subfield><subfield code="b">I.A. Goldstein,</subfield></datafield><datafield ind1=" " ind2=" " tag="310"><subfield code="a">Weekly</subfield></datafield><datafield ind1="0" ind2=" " tag="362"><subfield code="a">Vol. 1, no. 1 (Oct. 27, 1889)-v. 1, no. 2 (Nov. 3, 1889).</subfield></datafield><datafield ind1=" " ind2=" " tag="752"><subfield code="a">United States</subfield><subfield code="b">Texas</subfield><subfield code="c">McLennan</subfield><subfield code="d">Waco.</subfield></datafield><datafield ind1="0" ind2="0" tag="785"><subfield code="t">Society Sunday gossip</subfield><subfield code="w">(DLC)sn 87090393</subfield></datafield></record>